@inproceedings{balaneshin2016sequential,
  title={Sequential Query Expansion using Concept Graph},
  author={Balaneshin-kordan, Saeid and Kotov, Alexander},
  booktitle={Proceedings of the 25th ACM International Conference on Information and Knowledge Management},
  pages={155--164},
  year={2016},
  organization={ACM}
}